@InProceedings{bhatia-guthrie-eisenstein:2016:EMNLP2016,
  author    = {Bhatia, Parminder  and  Guthrie, Robert  and  Eisenstein, Jacob},
  title     = {Morphological Priors for Probabilistic Neural Word Embeddings},
  booktitle = {Proceedings of the 2016 Conference on Empirical Methods in Natural Language Processing},
  month     = {November},
  year      = {2016},
  address   = {Austin, Texas},
  publisher = {Association for Computational Linguistics},
  pages     = {490--500},
  url       = {https://aclweb.org/anthology/D16-1047}
}
