@inproceedings{eisenstein2011sparse,
  optpublisher = {Omnipress},
  opteditor = {Getoor, Lise and Scheffer, Tobias and Getoor, Lise and Scheffer, Tobias},
  optaddress = {Seattle, WA},
  year = 2011,
  booktitle = {{Proceedings of the International Conference on Machine Learning (ICML)}},
  author = {Eisenstein, Jacob and Ahmed, Amr and Xing, Eric P.},
  code = {https://github.com/jacobeisenstein/SAGE},
  link = {http://www.cc.gatech.edu/~jeisenst/papers/icml2011.pdf},
  pages = {1041--1048},
  slides = {http://www.cc.gatech.edu/~jeisenst/papers/icml2011presentation.pdf},
  title = {Sparse Additive Generative Models of Text}
}
@misc{laplace_prior,
  title = {{Why is Laplace prior producing sparse solutions?}},
  howpublished = "\url{http://stats.stackexchange.com/questions/177210/why-is-laplace-prior-producing-sparse-solutions/}",
  note = "[Online; accessed 9-Sep-2016]"
}
