@inproceedings{eisenstein2011sparse,
  optpublisher = {Omnipress},
  opteditor = {Getoor, Lise and Scheffer, Tobias and Getoor, Lise and Scheffer, Tobias},
  optaddress = {Seattle, WA},
  year = 2011,
  booktitle = {{Proceedings of the International Conference on Machine Learning (ICML)}},
  author = {Eisenstein, Jacob and Ahmed, Amr and Xing, Eric P.},
  code = {https://github.com/jacobeisenstein/SAGE},
  link = {http://www.cc.gatech.edu/~jeisenst/papers/icml2011.pdf},
  pages = {1041--1048},
  slides = {http://www.cc.gatech.edu/~jeisenst/papers/icml2011presentation.pdf},
  title = {Sparse Additive Generative Models of Text}
}
@misc{l2reg,
  title = {{Lecture 11: Regularization}},
  howpublished = "\url{http://grandmaster.colorado.edu/~cketelsen/files/csci5622/videos/lesson11/lesson11.pdf}",
  note = "[Online; accessed 19-Nov-2016]"
}
