@InProceedings{johnson-griffiths-goldwater:2007:main,
  author    = {Johnson, Mark  and  Griffiths, Thomas  and  Goldwater, Sharon},
  title     = {{Bayesian} Inference for {PCFG}s via {Markov} Chain {Monte} {Carlo}},
  booktitle = {Human Language Technologies 2007: The Conference of the North American Chapter of the Association for Computational Linguistics; Proceedings of the Main Conference},
  month     = {April},
  year      = {2007},
  address   = {Rochester, New York},
  publisher = {Association for Computational Linguistics},
  pages     = {139--146},
  url       = {http://www.aclweb.org/anthology/N/N07/N07-1018}
}
@book{beal2003variational,
  title={Variational algorithms for approximate Bayesian inference},
  author={Beal, Matthew James},
  year={2003},
  publisher={PhD thesis, University of London}
}
@inproceedings{kurihara2004application,
  title={An application of the variational Bayesian approach to probabilistic context-free grammars},
  author={Kurihara, Kenichi and Sato, Taisuke},
  booktitle={IJCNLP-04 Workshop beyond shallow analyses},
  year={2004}
}
@InProceedings{cohen-johnson:2013:ACL2013,
  author    = {Cohen, Shay B.  and  Johnson, Mark},
  title     = {The effect of non-tightness on Bayesian estimation of PCFGs},
  booktitle = {Proceedings of the 51st Annual Meeting of the Association for Computational Linguistics (Volume 1: Long Papers)},
  month     = {August},
  year      = {2013},
  address   = {Sofia, Bulgaria},
  publisher = {Association for Computational Linguistics},
  pages     = {1033--1041},
  url       = {http://www.aclweb.org/anthology/P13-1102}
}
@misc{joint_vs_marginal,
  author = {Joakim Nivre},
  title = {{Natural Language Processing: Statistical Models and Algorithms}},
  howpublished = "\url{http://stp.lingfil.uu.se/~nivre/master/NLP-StatModels.pdf/}",
  note = "[Online; accessed 29-Jan-2016]"
}
@misc{hmm_parameters,
  author = {Christian N. S. Pedersen},
  title = {{Hidden Markov Models: Terminology and Basic Algorithms}},
  howpublished = "\url{http://users-cs.au.dk/cstorm/courses/PRiB_f12/slides/hidden-markov-models-1.pdf/}",
  note = "[Online; accessed 29-Jan-2016]"
}
@misc{mlss09,
  author = {Zoubin Ghahramani},
  title = {{Machine Learning Summer School Lecture 3: Learning parameters and structure}},
  howpublished = "\url{http://mlg.eng.cam.ac.uk/mlss09/mlss_slides/Ghahramani_3.pdf/}",
  note = "[Online; accessed 29-Jan-2016]"
}
@misc{pcfg_marginal,
  author = {Miguel Ballesteros},
  title = {{Probabilistic Context-Free-Grammars}},
  howpublished = "\url{http://demo.clab.cs.cmu.edu/fa2015-11711/images/c/ce/Pcfgs.pdf/}",
  note = "[Online; accessed 31-Jan-2016]"
}
@misc{liang_jordan_klein,
  author = {Percy Liang, Michael I. Jordan, Dan Klein},
  title = {{Probabilistic Grammars and Hierarchical Dirichlet Processes}},
  howpublished = "\url{http://www-cs.stanford.edu/~pliang/papers/hdppcfg-haba.pdf/}",
  note = "[Online; accessed 31-Jan-2016]"
}
@misc{mochihashi_diary,
  author = {Daichi Mochihashi},
  title = {{Prof. Mochihashi's Diary about "Bayesian Inference for PCFGs via Markov Chain Monte Carlo" (In Japanese)}},
  howpublished = "\url{http://www.chasen.org/~daiti-m/diary/?200804b/}",
  note = "[Online; accessed 4-Feb-2016]"
}

@misc{mochihashi_diary,
  author = {Anonymus person},
  title = {{What does Nhat stands for? (In Japanese)}},
  howpublished = "\url{http://detail.chiebukuro.yahoo.co.jp/qa/question_detail/q12144074897/}",
  note = "[Online; accessed 4-Feb-2016]"
}
@misc{map_vs_bayesian,
  author = {Avinash Kak},
  title = {{ML, MAP, and Bayesian — The Holy Trinity of Parameter Estimation and Data Prediction}},
  howpublished = "\url{https://engineering.purdue.edu/kak/Tutorials/Trinity.pdf/}",
  note = "[Online; accessed 4-Feb-2016]"
}
@misc{learning_tree_annotation,
  author = {Miloš Ercegovčević},
  title = {{Learning Accurate, Compact, and Interpretable Tree Annotation}},
  howpublished = "\url{https://www.coli.uni-saarland.de/~yzhang/rapt-ws1112/slides/ercegovcevic.ppt/}",
  note = "[Online; accessed 4-Feb-2016]"
}



