https://research.preferred.jp/2010/11/dual-decomposition/
@misc{pfi_dual_decomposition,
  author = {Daisuke Okanohara},
  title = {{双対分解による構造学習}},
  howpublished = "\url{https://research.preferred.jp/2010/11/dual-decomposition/}",
  note = "[Online; accessed 4-Jul-2016]"
}
@article{Rush_2012_tutorial,
 author = {Rush, Alexander M. and Collins, Michael},
 title = {A Tutorial on Dual Decomposition and Lagrangian Relaxation for Inference in Natural Language Processing},
 year = {2012},
 url = {http://www.cs.columbia.edu/~mcollins/acltutorial.pdf},
} 
