@InProceedings{galen2013-deep-cca,
  author =   {Galen Andrew and Raman Arora and Karen Livescu and Jeff Bilmes},
  title =    {Deep Canonical Correlation Analysis},
  booktitle = {International Conference on Machine Learning (ICML)},
  year =     {2013},
  address =      {Atlanta, Georgia},
}
@misc{cca_tutorial,
  author = {Magnus Borga},
  title = {{Canonical Correlation a Tutorial}},
  howpublished = "\url{http://www.imt.liu.se/~magnus/cca/tutorial/tutorial.pdf/}",
  note = "[Online; accessed 27-Oct-2016]"
}

